@techreport{kandanaarachchi2018normalization,
  title={On normalization and algorithm selection for unsupervised outlier detection},
  author={Kandanaarachchi, Sevvandi and Munoz, Mario A and Hyndman, Rob J and Smith-Miles, Kate and others},
  year={2018},
  institution={Monash University, Department of Econometrics and Business Statistics}
}